<record><leader>00000cas a22000007a 4500</leader><controlfield tag="001">9404650</controlfield><controlfield tag="008">830413d18761890mauwr ne      0    0eng d</controlfield><datafield ind1=" " ind2=" " tag="010"><subfield code="a">sn 83020557 </subfield></datafield><datafield ind1=" " ind2=" " tag="040"><subfield code="a">NPX</subfield><subfield code="b">eng</subfield><subfield code="c">NPX</subfield><subfield code="d">MGN</subfield><subfield code="d">OCLCQ</subfield></datafield><datafield ind1=" " ind2=" " tag="042"><subfield code="a">msc</subfield></datafield><datafield ind1=" " ind2=" " tag="043"><subfield code="a">n-us-ma</subfield></datafield><datafield ind1="0" ind2="0" tag="245"><subfield code="a">Marlboro mirror-journal.</subfield></datafield><datafield ind1=" " ind2=" " tag="260"><subfield code="a">Marlboro, Mass. :</subfield><subfield code="b">Pratt Bros.</subfield></datafield><datafield ind1=" " ind2=" " tag="300"><subfield code="a">v. ;</subfield><subfield code="c">65 cm.</subfield></datafield><datafield ind1=" " ind2=" " tag="310"><subfield code="a">Weekly</subfield></datafield><datafield ind1="1" ind2=" " tag="362"><subfield code="a">Began Jan. 1, 1876. Cf. Bigelow, E.A. Historical reminiscences of ... Marlborough, Mass.</subfield></datafield><datafield ind1="1" ind2=" " tag="362"><subfield code="a">Ceased in 1890?</subfield></datafield><datafield ind1=" " ind2=" " tag="500"><subfield code="a">Corresponding issues of: Hudson pioneer; p. [1] of Shrewsbury news identical except for the masthead and publisher's statement, and part of p. [4] of Hudson pioneer.</subfield></datafield><datafield ind1=" " ind2=" " tag="500"><subfield code="a">Editor: Pratt Brothers [i.e. S.B. Pratt], &lt;1876&gt;.</subfield></datafield><datafield ind1=" " ind2=" " tag="588"><subfield code="a">Description based on: N.s., v. 1, no. 34 (Aug. 19, 1876)=o.s., v. 17, no. 46.</subfield></datafield><datafield ind1="1" ind2=" " tag="700"><subfield code="a">Pratt, Stillman B.</subfield></datafield><datafield ind1=" " ind2=" " tag="752"><subfield code="a">United States</subfield><subfield code="b">Massachusetts</subfield><subfield code="c">Middlesex</subfield><subfield code="d">Marlborough.</subfield></datafield><datafield ind1="0" ind2="4" tag="780"><subfield code="t">Marlboro' mirror</subfield><subfield code="w">(DLC)sn 83020555</subfield></datafield><datafield ind1="0" ind2="4" tag="780"><subfield code="t">Marlboro journal (Marlborough, Mass. : 1873)</subfield><subfield code="w">(DLC)sn 83020556</subfield></datafield><datafield ind1="0" ind2="0" tag="785"><subfield code="t">Marlboro Republican</subfield></datafield><datafield ind1="1" ind2=" " tag="029"><subfield code="a">AU@</subfield><subfield code="b">000025793178</subfield></datafield></record>